@article{cite2025,
  title={Sample Article Title},
  author={Author, First and Second, Author},
  journal={Journal Name},
  volume={10},
  number={2},
  pages={123--145},
  year={2025},
  publisher={Publisher Name}
}

@book{author2024,
  title={Sample Book Title},
  author={Author, Book},
  year={2024},
  publisher={Academic Press},
  address={New York}
}

@inproceedings{secondauthor2023,
  title={Conference Paper Title},
  author={Second, Author and Third, Author},
  booktitle={Proceedings of Important Conference},
  pages={67--89},
  year={2023},
  organization={IEEE}
}